<?xml version="1.0" encoding="UTF-8"?>
<record xmlns="http://www.loc.gov/MARC21/slim" xmlns:xsi="http://www.w3.org/2001/XMLSchema-instance" xsi:schemaLocation="http://www.loc.gov/MARC21/slim http://www.loc.gov/standards/marcxml/schema/MARC21slim.xsd">
<leader>00000cam a22      a 4500</leader>
<controlfield tag="001">001778662</controlfield>
<controlfield tag="003">NNU</controlfield>
<controlfield tag="005">20151019171507.0</controlfield>
<controlfield tag="008">850819r19741890le            000 0 arard</controlfield>
<datafield tag="010" ind1=" " ind2=" ">
<subfield code="a">   78962711</subfield>
</datafield>
<datafield tag="016" ind1="7" ind2=" ">
<subfield code="a">bimoBNE19931206009</subfield>
<subfield code="2">SpMaBN</subfield>
</datafield>
<datafield tag="035" ind1=" " ind2=" ">
<subfield code="a">(OCoLC)12398928</subfield>
<subfield code="z">(OCoLC)19594577</subfield>
</datafield>
<datafield tag="040" ind1=" " ind2=" ">
<subfield code="a">OSU</subfield>
<subfield code="b">eng</subfield>
<subfield code="c">OSU</subfield>
<subfield code="d">OCL</subfield>
<subfield code="d">OCLCQ</subfield>
<subfield code="d">OCLCG</subfield>
<subfield code="d">BNM</subfield>
<subfield code="d">OCLCQ</subfield>
<subfield code="d">OCLCO</subfield>
<subfield code="d">OCLCA</subfield>
<subfield code="d">OCLCQ</subfield>
<subfield code="d">NNU</subfield>
</datafield>
<datafield tag="050" ind1=" " ind2="4">
<subfield code="a">BP152.B27</subfield>
<subfield code="b">B84 1974</subfield>
</datafield>
<datafield tag="100" ind1="1" ind2=" ">
<subfield code="6">880-01</subfield>
<subfield code="a">Bukhārī, ʻAbd al-ʻAzīz ibn Aḥmad,</subfield>
<subfield code="d">-1329 or 1330.</subfield>
</datafield>
<datafield tag="240" ind1="1" ind2="0">
<subfield code="6">880-02</subfield>
<subfield code="a">Kashf al-asrār</subfield>
</datafield>
<datafield tag="245" ind1="1" ind2="0">
<subfield code="6">880-03</subfield>
<subfield code="a">Kashf al-asrār ʻan Uṣūl Fakhr al-Islām al-Bazdawī /</subfield>
<subfield code="c">taʼlīf ʻAlāʼ al-Dīn ʻAbd al-ʻAzīz ibn Aḥmad al-Bukhārī.</subfield>
</datafield>
<datafield tag="250" ind1=" " ind2=" ">
<subfield code="6">880-04</subfield>
<subfield code="a">Ṭabʻah jadīdah bi-al-ūfsat.</subfield>
</datafield>
<datafield tag="260" ind1=" " ind2=" ">
<subfield code="6">880-05</subfield>
<subfield code="a">Bayrūt :</subfield>
<subfield code="b">Dār al-Kitāb al-ʻArabī,</subfield>
<subfield code="c">1974.</subfield>
</datafield>
<datafield tag="300" ind1=" " ind2=" ">
<subfield code="a">4 volumes in 2 ;</subfield>
<subfield code="c">29 cm</subfield>
</datafield>
<datafield tag="336" ind1=" " ind2=" ">
<subfield code="a">text</subfield>
<subfield code="b">txt</subfield>
<subfield code="2">rdacontent</subfield>
</datafield>
<datafield tag="337" ind1=" " ind2=" ">
<subfield code="a">unmediated</subfield>
<subfield code="b">n</subfield>
<subfield code="2">rdamedia</subfield>
</datafield>
<datafield tag="338" ind1=" " ind2=" ">
<subfield code="a">volume</subfield>
<subfield code="b">nc</subfield>
<subfield code="2">rdacarrier</subfield>
</datafield>
<datafield tag="500" ind1=" " ind2=" ">
<subfield code="a">Reprint. Originally published: Dār Saʻādat : al-Sharikah al-Ṣiḥāfīyah al-ʻUthmānīyah, 1308 [1890 or 1891].</subfield>
</datafield>
<datafield tag="600" ind1="1" ind2="0">
<subfield code="6">880-06</subfield>
<subfield code="a">Bazdawī, Abū al-Ḥasan ʻAlī ibn Muḥammad,</subfield>
<subfield code="d">-1089.</subfield>
<subfield code="t">Kanz al-wuṣūl ilá maʻrifat al-uṣūl.</subfield>
</datafield>
<datafield tag="650" ind1=" " ind2="0">
<subfield code="a">Islamic law.</subfield>
</datafield>
<datafield tag="650" ind1=" " ind2="0">
<subfield code="a">Hanafites.</subfield>
</datafield>
<datafield tag="650" ind1=" " ind2="7">
<subfield code="a">Derecho musulmán.</subfield>
<subfield code="2">embne.</subfield>
</datafield>
<datafield tag="650" ind1=" " ind2="7">
<subfield code="a">Hanefitas.</subfield>
<subfield code="2">embne.</subfield>
</datafield>
<datafield tag="700" ind1="1" ind2=" ">
<subfield code="6">880-07</subfield>
<subfield code="a">Bazdawī, Abū al-Ḥasan ʻAlī ibn Muḥammad,</subfield>
<subfield code="d">-1089.</subfield>
<subfield code="t">Kanz al-wuṣūl ilá maʻrifat al-uṣūl.</subfield>
</datafield>
<datafield tag="776" ind1="0" ind2="8">
<subfield code="i">Online version:</subfield>
<subfield code="a">Bukhārī, ʻAbd al-ʻAzīz ibn Aḥmad, -1329 or 30.</subfield>
<subfield code="s">Kashf al-asrār.</subfield>
<subfield code="t">Kashf al-asrār ʻan Uṣūl Fakhr al-Islām al-Bazdawī.</subfield>
<subfield code="b">Ṭabʻah jadīdah bi-al-ūfsat.</subfield>
<subfield code="d">Bayrūt, Lubnān : Dār al-Kitāb al-ʻArabī, 1974</subfield>
<subfield code="w">(OCoLC)609205435</subfield>
</datafield>
<datafield tag="880" ind1="1" ind2=" ">
<subfield code="6">100-01/</subfield>
<subfield code="a">بخاري، عبد العزيز بن أحمد،</subfield>
<subfield code="d">-1329 or 1330.</subfield>
</datafield>
<datafield tag="880" ind1="1" ind2="0">
<subfield code="6">240-02/</subfield>
<subfield code="a">كشف الاسرار</subfield>
</datafield>
<datafield tag="880" ind1="1" ind2="0">
<subfield code="6">245-03/</subfield>
<subfield code="a">كشف الأسرار عن أصول فخر الإسلام البزدوي /</subfield>
<subfield code="c">تأليف علاء الدين عبد العزيز بن أحمد البخاري.</subfield>
</datafield>
<datafield tag="880" ind1=" " ind2=" ">
<subfield code="6">250-04/</subfield>
<subfield code="a">طبعة جديدة بالأوفست.</subfield>
</datafield>
<datafield tag="880" ind1=" " ind2=" ">
<subfield code="6">260-05/</subfield>
<subfield code="a">بيروت :</subfield>
<subfield code="b">دار الكتاب العربي،</subfield>
<subfield code="c">١٩٧٤.</subfield>
</datafield>
<datafield tag="880" ind1="1" ind2="4">
<subfield code="6">600-06/</subfield>
<subfield code="a">بزدوي، أبو الحسن علي بن محمد.</subfield>
<subfield code="t">كنز الوصول إلى معرفة الأصول.</subfield>
</datafield>
<datafield tag="880" ind1="1" ind2=" ">
<subfield code="6">700-07/</subfield>
<subfield code="a">بزدوي، ابو الحسن علي بن محمد،</subfield>
<subfield code="d">1089.</subfield>
<subfield code="t">كنز الوصول الى معرفة الأصول.</subfield>
</datafield>
<datafield tag="OWN" ind1=" " ind2=" ">
<subfield code="a">GENERAL</subfield>
</datafield>
<datafield tag="AVA" ind1=" " ind2=" ">
<subfield code="a">NYU50</subfield>
<subfield code="b">BOBST</subfield>
<subfield code="c">Main Collection</subfield>
<subfield code="d">BP152 .B398 1974</subfield>
<subfield code="e">unavailable</subfield>
<subfield code="t">Unavailable</subfield>
<subfield code="f">2</subfield>
<subfield code="g">2</subfield>
<subfield code="h">Y</subfield>
<subfield code="i">1</subfield>
<subfield code="j">MAIN</subfield>
<subfield code="k">0</subfield>
</datafield>
</record>
